<record><leader>00000cas a2200000   4500</leader><controlfield tag="001">4938932</controlfield><controlfield tag="008">790508c19609999ohuwr ne      0   a0eng d</controlfield><datafield ind1=" " ind2=" " tag="010"><subfield code="a">sn 79002750 </subfield></datafield><datafield ind1=" " ind2=" " tag="040"><subfield code="a">NSD</subfield><subfield code="b">eng</subfield><subfield code="c">NSD</subfield><subfield code="d">ONP</subfield><subfield code="d">OCL</subfield><subfield code="d">OCLCQ</subfield></datafield><datafield ind1=" " ind2=" " tag="012"><subfield code="k">1</subfield><subfield code="m">c</subfield></datafield><datafield ind1="1" ind2=" " tag="022"><subfield code="a">0191-7935</subfield><subfield code="l">0191-7935</subfield><subfield code="2">1</subfield></datafield><datafield ind1=" " ind2=" " tag="032"><subfield code="a">430900</subfield><subfield code="b">USPS</subfield></datafield><datafield ind1=" " ind2=" " tag="042"><subfield code="a">nsdp</subfield></datafield><datafield ind1=" " ind2="0" tag="222"><subfield code="a">Photo star</subfield></datafield><datafield ind1="0" ind2="0" tag="245"><subfield code="a">Photo star.</subfield></datafield><datafield ind1=" " ind2=" " tag="260"><subfield code="a">Willshire, Ohio :</subfield><subfield code="b">John G. Worthington,</subfield></datafield><datafield ind1=" " ind2=" " tag="310"><subfield code="a">Weekly</subfield></datafield><datafield ind1="1" ind2=" " tag="362"><subfield code="a">Began with Jan. 24, 1960 issue.</subfield></datafield><datafield ind1=" " ind2=" " tag="500"><subfield code="a">"Bringing western Ohio and eastern Indiana together with news."</subfield></datafield><datafield ind1=" " ind2=" " tag="588"><subfield code="a">Description based on: Vol. 75, no. 45 (Jan. 5, 1972).</subfield></datafield><datafield ind1=" " ind2=" " tag="752"><subfield code="a">United States</subfield><subfield code="b">Ohio</subfield><subfield code="c">Van Wert</subfield><subfield code="d">Willshire.</subfield></datafield><datafield ind1="0" ind2="0" tag="780"><subfield code="t">Willshire herald</subfield><subfield code="w">(DLC)sn 90068333</subfield></datafield><datafield ind1=" " ind2=" " tag="936"><subfield code="a">Apr. 1979 (surrogate)</subfield></datafield></record>